<?xml version="1.0" encoding="UTF-8"?><collection><record><leader>10097ntm a2200769 a 4500</leader><controlfield tag="001">006813251</controlfield><controlfield tag="003">MiAaHDL</controlfield><controlfield tag="005">20190719000000.0</controlfield><controlfield tag="006">m        d        </controlfield><controlfield tag="007">cr bn ---auaua</controlfield><controlfield tag="008">090604s1729    xx            00| ||ara d</controlfield><datafield tag="035" ind1=" " ind2=" "><subfield code="a">(MiU)006813251</subfield></datafield><datafield tag="035" ind1=" " ind2=" "><subfield code="a">sdr-miu006813251</subfield></datafield><datafield tag="040" ind1=" " ind2=" "><subfield code="a">MiU</subfield><subfield code="c">MiU</subfield><subfield code="e">amremm</subfield></datafield><datafield tag="043" ind1=" " ind2=" "><subfield code="a">n-us-mi</subfield></datafield><datafield tag="100" ind1="1" ind2=" "><subfield code="6">880-01</subfield><subfield code="a">Ḥamawī, ʻAlī ibn ʻAṭīyah,</subfield><subfield code="d">-1530.</subfield></datafield><datafield tag="245" ind1="1" ind2="3"><subfield code="6">880-03</subfield><subfield code="a">[al-Jawhar al-maḥbūk bi-al-ḥaly al-masbūk fī ṭarīqat al-sulūk ...etc.,</subfield><subfield code="f">1141, i.e. 1729].</subfield></datafield><datafield tag="260" ind1=" " ind2=" "><subfield code="c">[1729].</subfield></datafield><datafield tag="300" ind1=" " ind2=" "><subfield code="a">118 leaves :</subfield><subfield code="b">paper ;</subfield><subfield code="c">221 x 175 (170 x 105) mm.</subfield></datafield><datafield tag="500" ind1=" " ind2=" "><subfield code="a">Shelfmark: Ann Arbor, University of Michigan, Special Collections Library, Isl. Ms. 660</subfield></datafield><datafield tag="500" ind1=" " ind2=" "><subfield code="a">Origin: As appears in colophon on p.91, opening work [al-Jawhar al-maḥbūk] copied by Muḥammad ibn ʻAlī al-Zardanāwī with transcription completed 2 Rajab 1141 [ca. 1 February 1729]. As appears in colophon on p.167, second work executed by the same copyist with transcription completed 1 Rajab 1141 [ca. 31 January 1729]. As appears in colophon on p.253, transcription of following work [al-Alfīyah] executed by the same copyist with transcription completed Jumādá II 1141 [January 1729]. As appears in preceding authorial colophon on p.253, composition completed in Cairo seemingly in the year 1131 [1718 or 19] as represented in the numerical value of the phrase "انسالها فن من البكرية".</subfield></datafield><datafield tag="500" ind1=" " ind2=" "><subfield code="a">Accompanying materials: Acquisitions slip from Yahuda.</subfield></datafield><datafield tag="500" ind1=" " ind2=" "><subfield code="a">Former shelfmark: From inner front cover and spine label, "IL 79" (likely supplied by Yahuda, see acquisitions slip).</subfield></datafield><datafield tag="500" ind1=" " ind2=" "><subfield code="a">Binding: Pasteboards covered in block-printed paper (mainly in pink and dark lavender with repeating 7-pointed sun or star motif overlaid with orange-red dots) with light brown leather over spine, fore edge flap, and edges/turn-ins (framed binding) ; Type II binding (with flap) ; board linings in untinted laid paper ; sewn in grey thread, two stations ; overall in somewhat poor condition with upper board cracked, significant abrasion, lifting and losses of paper and leather (particularly on upper board and spine), cover detaching at spine, etc.</subfield></datafield><datafield tag="500" ind1=" " ind2=" "><subfield code="a">Support: European laid paper with 13 laid lines per cm. (vertical), chain lines spaced 20-21 mm. apart (horizontal), and watermark of grapes (raisin) with name and crown above (see p.10, 11, etc.), thin though sturdy, well-burnished ; ink burn.</subfield></datafield><datafield tag="500" ind1=" " ind2=" "><subfield code="a">Decoration: Section headings rubricated ; text of written area (and divided columns) surrounded by red rule-border ; red pigment on edges of text block.</subfield></datafield><datafield tag="500" ind1=" " ind2=" "><subfield code="a">Script: Naskh ; clear, medium Egyptian [?] hand ; irregularly seriffed with right-sloping head-serifs on many ascenders (even occasional free-standing alif), marked effect of tilt to the left, adhering fairly closely to the baseline, pointing (two and three dots) in strokes rather than distinct dots, final yāʼ usually unpointed, mainly curvilinear descenders ; fully vocalized.</subfield></datafield><datafield tag="500" ind1=" " ind2=" "><subfield code="a">Layout: Written in 15 lines per page (with written area divided to two columns to set off verses) ; frame-ruled.</subfield></datafield><datafield tag="500" ind1=" " ind2=" "><subfield code="a">Collation: 4 V(40), III (46), 3 V(76), IV (84), 3 V(114), VI (126), I (128) ; chiefly quinions ; final leaves left blank ; catchwords present ; pagination in pencil, Western numerals, supplied during digitization.</subfield></datafield><datafield tag="500" ind1=" " ind2=" "><subfield code="a">Colophon: [Kitāb al-Jawhar al-maḥbūk] "Scribal," triangular, reads "تم الكتاب بعون الملك الوهاب وكان الفراغ منه يوم الاثنين ثاني يوم من شهر رجب المبارك سنة ١١٤١ على يد محمد بن علي الزردناوي اللهم اغفر له ولوالديه ولمشايخه ولاخوانه في الله تعالى ولكافة المسلمين اجمعين امين امين امين" ; [Minhāj al-ʻārif al-muttaqī ] "Scribal," triangular, reads "وكان الفراغ منها في غرة رجب الحر المبارك من شهور سنة ١١۴۱ على يد كاتبها محمد بن علي الزردناوي اللهم اغفر له ولوالديه ولمشايخه ولاخوانه في الله تعالى احياء وامواتا ولكل المسلمين امين امين امين" ; [Alfīyat al-taṣawwuf] "Scribal," triangular, reads "وكان الفراغ منها يوم الاحد على يد كاتبها محمد بن علي الزردناوي اللهم اغفر له ولوالديه ولمشايخه ولمؤلفها ولكل المسلمين اجمعين امين امين امين في جماد الثاني سنة ١١۴۱"</subfield></datafield><datafield tag="500" ind1=" " ind2=" "><subfield code="a">Explicit: [Kitāb al-Jawhar al-maḥbūk] "ولا تخيب جميل الظن فيك ولا تقطع عوائدك الحسنى في النعم" ; [Minhāj al-ʻārif al-muttaqī ] "ولي ولخلق الله اجمع ابتقي من الله رضوانا وعونا موفقا" ; [Alfīyat al-taṣawwuf] "الخاتمة وحق ان اختم ذي الالفية فقد غدت كافية وفيه والحمد للموصوف بالمفاخر في اول وواسط واخر ... وعدة الابيات روض زاهر ۱۲۱۹ من حل فيه فهو طاهر وقد اتت تاريخها بكرية انسالها فن من البكرية واسأل الله بنون والقلم يغفر لي ما قد طغا به القلم .. واغفر لكل مسلم ومسلمة ما نفس صب للقضاء مسلمه وما صباح بالضياء معلم وما نهي معلما ومعلم تم بياضها بمصر القاهرة لا برحت لمن يشين قاهرة"</subfield></datafield><datafield tag="500" ind1=" " ind2=" "><subfield code="a">Incipit: [Kitāb al-Jawhar al-maḥbūk] "قال الفقير الى مولاه ذي الكرم علوان ذو الذنب والعصيان والحرم بسم الله اتى فتحي ومختتمي والحمد لله ربي بارئ النسم ..." ; [Minhāj al-ʻārif al-muttaqī ] "اما بعد فان الاسباب التي يتقرب بها الى الله تعالى ثلاثة اعتقاد وعلم وعمل ... نظمت هذه القصيدة ليهتدي بها السالك في طريقه ... وقد سميتها منهاج العارف المتقي ومعراج السالك المرتقي ... وهذه القصيدة عدتها الف بيت وسبعة ابيات رقى بي مقاما من فنائي الى البقا فما لي قصد في نعيم ولا شقا ..." ; [Kitāb al-Alfīyah fī ʻilm al-taṣawwuf] "قال الفقير للغني مصطفى نجل ابي بكر وسبط المصطفى الحمد لله العلي الشان ما شان اهل الحب يوما شاني حمدا به نفوز بالاحسان ونرتقي منابر الاحسان ... وبعد فاعلم ايها المريد حباك من افضاله المريد ..."</subfield></datafield><datafield tag="500" ind1=" " ind2=" "><subfield code="a">Title supplied by cataloguer.</subfield></datafield><datafield tag="500" ind1=" " ind2=" "><subfield code="a">Ms. codex.</subfield></datafield><datafield tag="505" ind1="0" ind2=" "><subfield code="a">7. p.254-p.256 : [originally left blank, now carry a few assorted excerpts].</subfield></datafield><datafield tag="505" ind1="0" ind2=" "><subfield code="a">6. p.170-p.253 : Kitāb al-Alfīyah fī ʻilm al-taṣawwuf / Muṣṭafá ibn Kamāl al-Dīn al-Bakrī al-Khalwatī.</subfield></datafield><datafield tag="505" ind1="0" ind2=" "><subfield code="a">5. p.169 : [contents listing].</subfield></datafield><datafield tag="505" ind1="0" ind2=" "><subfield code="a">4. p.168 : [blank].</subfield></datafield><datafield tag="505" ind1="0" ind2=" "><subfield code="a">3. p.94-p.167 : Minhāj al-ʻārif [al-ʻābid] al-muttaqī wa-miʻrāj al-sālik al-murtaqī / ʻAlwān ibn ʻAlī ibn ʻAṭīyah al-Haytī al-Ḥamawī.</subfield></datafield><datafield tag="505" ind1="0" ind2=" "><subfield code="a">2. p.92-p.93 : [blank].</subfield></datafield><datafield tag="505" ind1="0" ind2=" "><subfield code="a">1. p.1-p.91: Kitāb al-Jawhar al-maḥbūk bi-al-ḥallī al-masbūk fī ṭarīqat al-sulūk / ʻAlwān ibn ʻAlī ibn ʻAṭīyah al-Haytī al-Ḥamawī.</subfield></datafield><datafield tag="510" ind1="4" ind2=" "><subfield code="a">Brockelmann, C. GAL,</subfield><subfield code="c">II 349</subfield></datafield><datafield tag="510" ind1="4" ind2=" "><subfield code="a">Brockelmann, C. GAL,</subfield><subfield code="c">II 333 (no. 6) ; S II 461</subfield></datafield><datafield tag="520" ind1="8" ind2=" "><subfield code="a">Fine copy of two Ṣūfī poems on moral corruption and proper conduct, al-Jawhar al-maḥbūk bi-al-ḥaly al-masbūk fī ṭarīqat al-sulūk and Minhāj al-ʻārif [al-ʻābid] al-muttaqī wa-miʻrāj al-sālik al-murtaqī, by ʻAlwān ibn ʻAlī ibn ʻAṭīyah al-Haytī al-Ḥamawī (d.1530) followed by Muṣṭafá ibn Kamāl al-Dīn al-Bakrī al-Khalwatī's (d.1749) Alfīyah, a rajaz poem in 1219 verses on Ṣūfī principles.</subfield></datafield><datafield tag="538" ind1=" " ind2=" "><subfield code="a">Mode of access: Internet.</subfield></datafield><datafield tag="541" ind1=" " ind2=" "><subfield code="a">Acquired in 1926 from the bookseller Isaac Benjamin S.E. Yahuda via purchase transacted on his behalf by Abraham Shalom Yahuda (1877-1951), his younger brother.</subfield></datafield><datafield tag="546" ind1=" " ind2=" "><subfield code="a">Arabic.</subfield></datafield><datafield tag="561" ind1=" " ind2=" "><subfield code="a">Glosses (more extensive in second work) and occasional marginal corrections ; collation marks (typically بلغ) also appear in margins.</subfield></datafield><datafield tag="650" ind1=" " ind2="0"><subfield code="a">Manuscripts, Arabic</subfield><subfield code="z">Michigan</subfield><subfield code="z">Ann Arbor.</subfield></datafield><datafield tag="650" ind1=" " ind2="0"><subfield code="a">Muslims</subfield><subfield code="x">Conduct of life</subfield><subfield code="v">Early works to 1800.</subfield></datafield><datafield tag="650" ind1=" " ind2="0"><subfield code="a">Islamic ethics</subfield><subfield code="v">Early works to 1800.</subfield></datafield><datafield tag="650" ind1=" " ind2="0"><subfield code="a">Sufism</subfield><subfield code="x">Doctrines</subfield><subfield code="v">Early works to 1800.</subfield></datafield><datafield tag="650" ind1=" " ind2="0"><subfield code="a">Sufi poetry, Arabic</subfield><subfield code="v">Early works to 1800.</subfield></datafield><datafield tag="650" ind1=" " ind2="0"><subfield code="a">Arabic poetry</subfield><subfield code="y">1258-1800.</subfield></datafield><datafield tag="700" ind1="0" ind2=" "><subfield code="6">880-08</subfield><subfield code="a">Muḥammad ibn ʻAlī al-Zardanāwī,</subfield><subfield code="d">fl. 1729,</subfield><subfield code="e">scribe.</subfield></datafield><datafield tag="700" ind1="1" ind2="2"><subfield code="6">880-06</subfield><subfield code="a">Bakrī, Muṣṭafá,</subfield><subfield code="d">1687 or 1688-1748 or 1749.</subfield><subfield code="t">Alfīyat al-taṣawwuf.</subfield></datafield><datafield tag="700" ind1="1" ind2="2"><subfield code="6">880-04</subfield><subfield code="a">Ḥamawī, ʻAlī ibn ʻAṭīyah,</subfield><subfield code="d">-1530.</subfield><subfield code="t">Minhāj al-ʻābid al-muttaqī wa-miʻrāj al-sālik al-murtaqī.</subfield></datafield><datafield tag="740" ind1="0" ind2="2"><subfield code="6">880-07</subfield><subfield code="a">Alfīyah fī ʻilm al-taṣawwuf</subfield></datafield><datafield tag="740" ind1="0" ind2="2"><subfield code="a">كتاب الالفية في علم التصوف</subfield></datafield><datafield tag="740" ind1="0" ind2="2"><subfield code="a">منهاج العارف المتقي ومعراج السالك المرتقي</subfield></datafield><datafield tag="773" ind1="0" ind2=" "><subfield code="a">Yahuda Collection.</subfield></datafield><datafield tag="880" ind1="0" ind2=" "><subfield code="6">700-08/</subfield><subfield code="a">محمد بن علي الزردناوي,</subfield><subfield code="e">ناسخ.</subfield></datafield><datafield tag="880" ind1="0" ind2="2"><subfield code="6">740-07/</subfield><subfield code="a">الفية في علم التصوف</subfield></datafield><datafield tag="880" ind1="1" ind2="2"><subfield code="6">700-06/</subfield><subfield code="a">بكري, مصطفى,</subfield><subfield code="t">الفية التصوف.</subfield></datafield><datafield tag="880" ind1="1" ind2="2"><subfield code="6">700-04/</subfield><subfield code="a">حموي، علي بن عطية.</subfield><subfield code="t">منهاج العابد المتقي ومعراج السالك المرتقي.</subfield></datafield><datafield tag="880" ind1="1" ind2="2"><subfield code="6">245-03/</subfield><subfield code="a">[الجوهر المحبوك بالحلي المسبوك في طريقة السلوك ...الخ,</subfield><subfield code="f">1141ه، 1729م].</subfield></datafield><datafield tag="880" ind1="1" ind2=" "><subfield code="6">100-01/</subfield><subfield code="a">حموي، علي بن عطية.</subfield></datafield><datafield tag="CID" ind1=" " ind2=" "><subfield code="a">006813251</subfield></datafield><datafield tag="DAT" ind1="0" ind2=" "><subfield code="a">20190719102638.0</subfield><subfield code="b">20190719000000.0</subfield></datafield><datafield tag="DAT" ind1="1" ind2=" "><subfield code="a">20190719090653.0</subfield><subfield code="b">2019-07-19T16:11:56Z</subfield></datafield><datafield tag="DAT" ind1="2" ind2=" "><subfield code="a">2015-10-02T18:00:03Z</subfield></datafield><datafield tag="CAT" ind1=" " ind2=" "><subfield code="a">SDR-MIU</subfield><subfield code="d">EX LIBRIS - ALEPH</subfield><subfield code="l">prepare.pl-004-008</subfield></datafield><datafield tag="FMT" ind1=" " ind2=" "><subfield code="a">BK</subfield></datafield><datafield tag="HOL" ind1=" " ind2=" "><subfield code="0">sdr-miu006813251</subfield><subfield code="a">MiU</subfield><subfield code="b">SDR</subfield><subfield code="c">MIU</subfield><subfield code="p">mdp.39015079128248</subfield><subfield code="s">MIU</subfield><subfield code="1">006813251</subfield></datafield><datafield tag="974" ind1=" " ind2=" "><subfield code="b">MIU</subfield><subfield code="c">MIU</subfield><subfield code="d">20190719</subfield><subfield code="s">lit-dlps-dc</subfield><subfield code="u">mdp.39015079128248</subfield><subfield code="y">1729</subfield><subfield code="r">pd</subfield><subfield code="q">bib</subfield><subfield code="t">non-US bib date1 &lt; 1896</subfield></datafield></record></collection>